@online(dbTop,
  title={The top 10 SQL and NoSQL databases},
  url={https://jaxenter.com/the-top-10-sql-and-nosql-databases-108072.html}
)

@online(dbClassifications,
  title={Classification of Database Systems},
  url={http://opentextbc.ca/dbdesign/chapter/chapter-6-classification-of-database-systems}
)

@online(dbRanking,
  title={DB-Engines Ranking},
  url={http://db-engines.com/en/ranking}
)